@article{grinvald_2004,
author = {R. Hildesheim and A. Grinvald},
title = {{VSDI: a new era in functional imaging of cortical dynamics}},
journal = {Nature Reviews Neuroscience},
volume = {5},
year = {2004},
pages = {874--885},
}

@article{Jacob10,
title = "The Matrix: A new tool for probing the whisker-to-barrel system with natural stimuli ",
journal = "Journal of Neuroscience Methods ",
volume = "189",
number = "1",
pages = "65--74",
year = "2010",
author = "V. Jacob and L. Estebanez and J. Le Cam and J-Y. Tiercelin and P. Parra and G. Par\'esys and D. E. Shulz",
}



@article{Woosley-VDLoos,
author = {T.A. Woosley and H. Van Der Loos},
title = {The structural organization of layer {IV} in the somatosensory region {(SI)} of mouse cerebral cortex: The description of a cortical field composed of discrete cytoarchitectonic units},
journal = {Brain Research},
volume = {17},
number = 2, 
year = {1970},
pages = {205--238},
}

@article{Land-Simons,
author = {P.W. Land and D.J. Simons},
title = {Cytochrome oxidase staining in the rat SmI barrel cortex},
journal = {J. Comp. Neurol.},
volume = {238},
number = 2, 
year = {1985},
pages = {225--235},
}

@article{Ballester-fusion,
 author = {C.  Ballester and V. Caselles and L. Igual and J. Verdera and B. Roug{\'e}},
 title = {A Variational Model for P+XS Image Fusion},
 journal = {Int. J. Comput. Vision},
 issue_date = {August    2006},
 volume = {69},
 number = {1},
 month = aug,
 year = {2006},
 issn = {0920-5691},
 pages = {43--58},
 numpages = {16},
 acmid = {1133787},
 publisher = {Kluwer Academic Publishers},
 address = {Hingham, MA, USA},
 keywords = {energy functional, image fusion, multispectral images, topographic map},
} 

% Ganzalo, P., Jesus M.
% A Wavelet-based Image Fusion Tutorial. Pattern Recognition
% 37 (2004), pp. 1855-1872. 

@article{ferezou_2006,
    author = {Ferezou, I. and Bolea, S. and Petersen, C. C. H.},
    journal = {Neuron},
    number = {4},
    pages = {617--629},
    title = {{Visualizing the Cortical Representation of Whisker Touch: Voltage-Sensitive Dye Imaging in Freely Moving Mice}},
    volume = {50},
    year = {2006}
}

@MISC{wirtz_2004,
    author = {S. Wirtz and B. Fischer and J. Modersitzki and O. Schmitt},
    title = {Super-fast elastic registration of histologic images of a whole rat brain for three-dimensional reconstruction},
    year = {2004}
}

@article{egger_2012,
    author = {R. Egger and R. T. Narayanan and M. Helmstaedter and C. P. J. {de Kock} and M. Oberlaender },
    journal = {PLoS Comput Biol},
    title = {{3D} Reconstruction and Standardization of the Rat Vibrissal Cortex for Precise Registration of Single Neuron Morphology},
    volume = 8, 
    number={12}, 
    year = {2012},
}        

@misc{thorsten_1998,
  title={Three-Dimensional Linear and Nonlinear Transformations: An Integration of Light Microscopical and MRI Data},
  author={T. Schormann and K. Zilles},
  journal = {Human Brain Mapp},
  year={1998},
}

@article{ourselin_2001,
title = "Reconstructing a {3D} structure from serial histological sections ",
journal = "Image and Vision Computing ",
year = "2001",
  volume = 19,
number = {1-2},
  pages = {25-31},
  author = "S. Ourselin and A. Roche and G. Subsol and X. Pennec and N. Ayache",
}

@misc{thorsten_1997,
  title={Limitations of the Principal-Axes Theory},
  author={T. Schormann and K. Zilles},
    journal = {IEEE Trans. Med. Imaging},
  year={1997},
    volume = 16,
number = 6,
  pages = {942-947},
}

@article{dauguet_2007,
  title={Three-dimensional reconstruction of stained histological slices and 3D non-linear registration with in-vivo MRI for whole baboon brain},
  author={J. Dauguet},
pages = {191-204},
    journal = {Journal of Neuroscience Methods},
    volume = {164},
    number = {1 },
  year={2007},
}

@inproceedings{yushkevich_2006,
 author = {Yushkevich, P. A. and Avants, B. B. and Ng, L. and Hawrylycz, M. and Burstein, P. D. and Zhang, H. and Gee, J. C.},
 title = {3D mouse brain reconstruction from histology using a coarse-to-fine approach},
 booktitle = {Proceedings of the Third international conference on Biomedical Image Registration},
 year = {2006},
  pages = {230--237},
} 

@article{besl_1992,
 author = {Besl, P. J. and McKay, N. D.},
 title = {A Method for Registration of {3-D} Shapes},
 journal = {IEEE Trans. Pattern Anal. Mach. Intell.},
 year = {1992},
 volume = {14},
 number = {2},
 pages = {239--256},
} 

@InProceedings{estepar_2004,
  author         = {R. {San Jose Estepar} and A. Brun and C.-F. Westin},
  title          = {Robust Generalized Total Least Squares Iterative Closest Point Registration},   
  booktitle      = {Seventh International Conference on Medical Image Computing and Computer-assisted Intervention (MICCAI'04)},        
  year           = {2004},
  pages          = {234-241},
}

@article{kaneko_2003,
AUTHOR = "S. Kaneko and T. Kondo and A. Miyamoto",
title = "Robust matching of {3D} contours using iterative closest point algorithm improved by M-estimation ",
journal = "Pattern Recognition ",
PAGES = {2041-2047},
 number = 9,
  volume = 36,
year = "2003",
}

@inproceedings{ma_1999,
  author = {Ma, B. and Ellis, R. E. and Fleet, D. J.},
  booktitle = {MICCAI},
  title = {Spotlights: A Robust Method for Surface-Based Registration in Orthopedic Surgery},
  year = 1999,
      pages = {936--944},
}

@article{chetverikov_2005,
    author = {D. Chetverikov and D. Stepanov and P. Krsek},
    title = {Robust euclidean alignment of {3D} point sets: the trimmed iterative closest point algorithm},
    journal = {Image and Vision Computing},
    volume = "23",
number = "3",
pages = "299 - 309",
    year = {2005},
}

@INPROCEEDINGS{godin_1994,
   author = {{Godin}, G. and {Rioux}, M. and {Baribeau}, R.},
    title = "{Three-dimensional registration using range and intensity information}",
booktitle = {Society of Photo-Optical Instrumentation Engineers (SPIE) Conference Series},
     year = 1994,
     volume = {2350},
number = {},
pages = {279-290},
}

@article{maurer_1996,
title={Registration of 3-D images using weighted geometrical features},
author={Maurer, C. R. and Aboutanos, G. B. and Dawant, B. M. and Maciunas, R. J. and Fitzpatrick, J. M.},
journal={IEEE Trans Med Imaging},
year={1996},
volume={15}, 
number={6}, 
pages={836-849}, 
}

@incollection{nishino_2002, 
year={2008},
booktitle={Digitally Archiving Cultural Objects},
title={Robust Simultaneous Registration of Multiple Range Images},
publisher={Springer US},
author={Nishino, K. and Ikeuchi, K.},
pages={71-88}
}



@ARTICLE{stewart_2002,
    author = {C. V. Stewart and C. Tsai and B. Roysam},
    title = {The Dual-Bootstrap Iterative Closest Point Algorithm with Application to Retinal Image Registration},
    journal = {IEEE Trans. Med. Img},
    year = {2003},
    volume={22}, 
number={11}, 
pages={1379-1394}, 
}

@inproceedings{perez_2003,
 author = {P{\'e}rez, P. and Gangnet, M. and Blake, A.},
 title = {Poisson image editing},
 booktitle = {ACM SIGGRAPH 2003 Papers},
 year = {2003},
  pages = {313--318},
 numpages = {6},
 } 

@inproceedings{raskar_2004,
 author = {Raskar, R. and Ilie, A. and Yu, J.},
 title = {Image fusion for context enhancement and video surrealism},
 year = {2004},
 pages = {85--152},
 booktitle = "Proc. NPAR 2004",  
 numpages = {68},
} 

@ARTICLE{kass_1988,
    author = {M. Kass and A. Witkin and D. Terzopoulos},
    title = {Snakes: Active contour models},
    journal = {INTERNATIONAL JOURNAL OF COMPUTER VISION},
    year = {1988},
    volume = {1},
    number = {4},
    pages = {321--331}
}

@INPROCEEDINGS{cohen_1991,
    author = {L. Cohen},
    title = {On active contour models and balloons},
    booktitle = {CVGIP: Image},
number = {2},
 month = mar,
 year = {1991},
 pages = {211--218},
}

@article{caselles_1997,
 author = {Caselles, V. and Kimmel, R. and Sapiro, G.},
 title = {Geodesic Active Contours},
 journal = {Int. J. Comput. Vision},
 volume = {22},
 number = {1},
 year = {1997},
 pages = {61--79},
} 

@inbook{beucher_1992,
    author = {Beucher, S. and Meyer, F.},
    chapter = {12},
    pages = {433--481},
    priority = {2},
    title = {The {M}orphological {A}pproach to {S}egmentation : {T}he {W}atershed {T}ransformation},
    year = {1992}
}

@article {mumshah_1989,
author = {Mumford, D. and Shah, J.},
title = {Optimal approximations by piecewise smooth functions and associated variational problems},
journal = {Communications on Pure and Applied Mathematics},
volume = {42},
number = {5},
pages = {577--685},
year = {1989},
}

@ARTICLE{chanvese_2001, 
author={Chan, T.F. and Vese, L.A.}, 
journal={Image Processing, IEEE Transactions on}, 
title={Active contours without edges}, 
year={2001}, 
volume={10}, 
number={2}, 
pages={266-277}, 
}

@ARTICLE{mairal_2013,
   author = {{Mairal}, J.},
    title = "{Optimization with First-Order Surrogate Functions}",
  journal = {ArXiv e-prints},
     year = 2013
}

% DiCarlo, J.J., Lane, J.W., Hsiao, S.S. & Johnson, K.O. Marking microelectrode penetrations with fluorescent dyes. J. Neurosci. Methods 64, 75?81 (1996).

@article{DiCarlo96,
title = "Marking microelectrode penetrations with fluorescent dyes ",
journal = "Journal of Neuroscience Methods ",
volume = "64",
number = "1",
pages = "75--81",
year = "1996",
author = "J. J. DiCarlo and J. W. Lane and S. S. Hsiao and K. O. Johnson",
}

@Article{BouazizTP13,
  title =	"Sparse Iterative Closest Point",
  author =	"S. Bouaziz and A. Tagliasacchi and M. Pauly",
  journal =	"Comput. Graph. Forum",
  year = 	"2013",
  number =	"5",
  volume =	"32",
  pages =	"113--123",
}

%% REVIEW SEGEMENTATION %%%
@Article{SotirasDP13,
  title =	"Deformable Medical Image Registration: {A} Survey",
  author =	"A. Sotiras and C. Davatzikos and N.
		 Paragios",
  journal =	"IEEE Trans. Med. Imaging",
  year = 	"2013",
  number =	"7",
  volume =	"32",
  bibdate =	"2013-07-02",
  pages =	"1153--1190",
}

@Article{GlockerAR,
  title =	"Deformable Medical Image Registration: Setting the State of the Art with Discrete Methods",
  author =	"Glocker, B and Sotiras, A and Komodakis, N and Paragios, N",
  journal =	"Annual Review of Biomedical Engineering",
  year = 	"2011",
  volume =	"13",
  pages = "219--244",
}

@article{JuHisto,
title = "3D volume reconstruction of a mouse brain from histological sections using warp filtering",
journal = "Journal of Neuroscience Methods",
volume = "156",
number = "1-2",
pages = "84--100",
year = "2006",
author = "T. Ju and J. Warren and J. Carson and M. Bello and I. Kakadiaris and W. Chiu and C. Thaller and G. Eichele",
}



@article{WelkerQuantitative,
title = "Quantitative correlation between barrel-field size and the sensory innervation of the whiskerpad: a comparative study in six strains of mice bred for different patterns of mystacial vibrissae",
journal = "J. Neurosci.",
volume = "6",
number = "11",
pages = "3355--3373",
year = "1986",
author = "E. Welker and H. {Van der Loos}",
}

@article{MeyerCellular,
title = "Cellular organization of cortical barrel columns is whisker-specific",
journal = "Proc. Natl. Acad. Sci. U.S.A.",
volume = "110",
number = "47",
pages = "19113--19118",
year = "2013",
author = "H.S. Meyer and R. Egger and J.M. Guest and R. Foerster and S. Reissl and M. Oberlaender ",
}

@article{DercksenAutomatic,
title = "Automatic Alignment of Stacks of Filament Data",
journal = "Proc. IEEE Int. Symp. on Biomedical Imaging: From Nano to Macro (ISBI)",
pages = "971--974",
year = "2009",
author = "V.J. Dercksen and B. Weber and D. Guenther and M. Oberlaender and S. Prohaska et al.",
}


@article{Kleinfeld1996,
author = "D. Kleinfeld and K. R.Delaney",
title = "Distributed representation of vibrissa movement in the upper layers of somatosensory cortex revealed with voltage-sensitive dyes",
journal = "J. Comp. Neurol.",
volume = "375",
number = "1",
pages = "89--108",
year = "1996",
}


@article{Takashima2001,
author = "Takashima I, Kajiwara R, Iijima T.",
title = "Voltage-sensitive dye versus intrinsic signal optical imaging: comparison of optically determined functional maps from rat barrel cortex",
journal = "Neuroreport",
volume = "12",
number = "13",
pages = "2889--2894",
year = "2001",
}


@article{Kerr2007,
author = "J. N. Kerr and C. P. {de Kock} and D. S. Greenberg  and R. M. Bruno and B. Sakmann and F.Helmchen ",
title = "Spatial organization of neuronal population responses in layer 2/3 of rat barrel cortex",
journal = "J. Neurosci.",
volume = "27",
number = "48",
pages = "13316--13328",
year = "2007",
}


@article{Tsytsarev2010,
author = "V. Tsytsarev and D. Pope and E. Pumbo and A. Yablonskii and M. Hofmann ",
title = "Study of the cortical representation of whisker directional deflection using voltage-sensitive dye optical imaging",
journal = "Neuroimage",
volume = "53",
number = "1",
pages = "233--238",
year = "2010",
}


@article{Lustig2013,
author = "B. R. Lustig and R. M. Friedman and J. E. Winberry and F. F. Ebner and A. W. Roe",
title = "Voltage-sensitive dye imaging reveals shifting spatiotemporal spread of whisker-induced activity in rat barrel cortex",
journal = "J. Neurophysiol.",
volume = "109",
number = "9",
pages = "2382--2392",
year = "2013",
}



@article{Harris2013,
author = "S. Harris and M. Bruyns-Haylett and A. Kennerley and L. Boorman and P. G. Overton and H. Ma and M. Zhao and T. H. Schwartz and J. Berwick",
title = "The effects of focal epileptic activity on regional sensory-evoked neurovascular coupling and postictal modulation of bilateral sensory processing",
journal = "J. Cereb. Blood Flow Metab.",
volume = "33",
number = "10",
pages = "1595--1604",
year = "2013",
}

@article{Berwick2008,
author = "J.  Berwick and D. Johnston and M. Jones and J. Martindale and C. Martin and A. J. Kennerley and P. Redgrave and J. E. W. Mayhew",
title = "Fine detail of neurovascular coupling revealed by spatiotemporal analysis of the hemodynamic response to single whisker stimulation in rat barrel cortex",
journal = "J. Neurophysiol.",
volume = "99",
pages = "787--798",
year = "2008",
}


@article{Berwick2004,
author = "J. Berwick and P. Redgrave and M. Jones and N. Hewson-Stoate and J. Martindale and D. Johnston and J. E. Mayhew",
title = "Integration of neural responses originating from different regions of the cortical somatosensory map",
journal = "Brain. Res.",
volume = "1030",
number = "2",
pages = "284--293",
year = "2004",
}


@article{Devonshire2010,
author = "I. M. Devonshire and T. H. Grandy and E. J. Dommett and S. A. Greenfield",
title = "Effects of urethane anaesthesia on sensory processing in the rat barrel cortex revealed by combined optical imaging and electrophysiology",
journal = "Eur. J. Neurosci.",
volume = "32",
number = "5",
pages = "786--797",
year = "2010",
}

@article{Zheng2010,
author = "Y. Zheng and D. Johnston and J. Berwick and J. Mayhew",
title = "Signal source separation in the analysis of neural activity in brain",
journal = "Neuroimage",
volume = "13",
number = "3",
pages = "447--458",
year = "2001",
}

@article{Wallace2008,
author = "D. J. Wallace and B. Sakmann",
title = "Plasticity of representational maps in somatosensory cortex observed by in vivo voltage-sensitive dye imaging",
journal = "Cereb. Cortex",
volume = "18",
number = "6",
pages = "1361--1373",
year = "2008",
}

@article{Guy2014,
author = "J. Guy and R. J. Wagener and M. Mock and J. F. Staiger",
title = "Persistence of Functional Sensory Maps in the Absence of Cortical Layers in the Somsatosensory Cortex of Reeler Mice",
journal = "Cereb Cortex",
pages = "pii:bhu052",
year = "2014",
}



@article{Yang2013,
author = "J. W. Yang and S. An and J. J. Sun and V. Reyes-Puerta and J. Kindler and T. Berger and W. Kilb and H. J. Luhmann",
title = "Thalamic network oscillations synchronize ontogenetic columns in the newborn rat barrel cortex",
journal = "Cereb. Cortex",
volume = "23",
number = "6",
pages = "1299--316",
year = "2013",
}


 

@article{Wang2012,
author = "Q. Wang and D. C. Millard and H. J. Zheng and G. B. Stanley",
title = "Voltage-sensitive dye imaging reveals improved topographic activation of cortex in response to manipulation of thalamic microstimulation parameters",
journal = "J. Neural. Eng.",
volume = "9",
number = "2",
pages = "026008",
year = "2012",
}


@article{,
author = "",
title = "",
journal = "",
volume = "",
number = "",
pages = "",
year = "",
}